<record><leader>00000cas a22000007a 4500</leader><controlfield tag="001">11592992</controlfield><controlfield tag="008">850117d19281929wiuwr ne      0   a0eng d</controlfield><datafield ind1=" " ind2=" " tag="010"><subfield code="a">sn 85040107 </subfield></datafield><datafield ind1=" " ind2=" " tag="040"><subfield code="a">NPV</subfield><subfield code="b">eng</subfield><subfield code="c">NPV</subfield><subfield code="d">OCLCQ</subfield></datafield><datafield ind1=" " ind2=" " tag="042"><subfield code="a">msc</subfield></datafield><datafield ind1="0" ind2="4" tag="245"><subfield code="a">The Lake Shore radio.</subfield></datafield><datafield ind1=" " ind2=" " tag="260"><subfield code="a">Shorewood, Milwaukee, Wis. :</subfield><subfield code="b">Lake Shore Press,</subfield><subfield code="c">1928-1929.</subfield></datafield><datafield ind1=" " ind2=" " tag="300"><subfield code="a">v. :</subfield><subfield code="b">ill.</subfield></datafield><datafield ind1="0" ind2=" " tag="362"><subfield code="a">Vol. 1, no. 1 (July 20, 1928)-v. 1, no. 49 (June 21, 1929).</subfield></datafield><datafield ind1=" " ind2=" " tag="752"><subfield code="a">United States</subfield><subfield code="b">Wisconsin</subfield><subfield code="c">Milwaukee</subfield><subfield code="d">Shorewood.</subfield></datafield><datafield ind1=" " ind2=" " tag="752"><subfield code="a">United States</subfield><subfield code="b">Wisconsin</subfield><subfield code="c">Milwaukee</subfield><subfield code="d">Milwaukee.</subfield></datafield><datafield ind1="0" ind2="0" tag="780"><subfield code="t">North shore review and Shorewood radio</subfield><subfield code="w">(DLC)sn 85040152</subfield></datafield><datafield ind1="0" ind2="0" tag="785"><subfield code="t">Suburban herald</subfield><subfield code="w">(DLC)sn 87082183</subfield></datafield></record>